@article { Zhang2013a,
	pages            = "567-580",
	author           = "Lin Zhang and Manuel {Sanchez del Rio} and Giulio Monaco and Carsten Detlefs and Thomas Roth and Aleksandr I Chumakov and Pieter Glatzel",
	year             = "2013",
	title            = "Thermal deformation of cryogenically cooled silicon crystals under intense X-ray beams : measurement and finite-element predictions of the surface shape",
	journal          = "Journal of Synchrotron Radiation",
	volume           = "20",
	number           = "4",
	keywords         = "silicon crystal,X-ray monochromator,cryogenic cooling,liquid nitrogen,thermal deformation,finite element,heat load experiment,rocking curve,in situ metrology",
	issn             = "0909-0495",
	doi              = "10.1107/S0909049513009436",
	howpublished     = "http://dx.doi.org/10.1107/S0909049513009436",
	urllink          = "http://dx.doi.org/10.1107/S0909049513009436"}


@article { SanchezdelRio2012,
	author           = "Manuel {Sanchez del Rio} and Lucia Alianelli",
	year             = "2012",
	title            = "Aspherical lens shapes for focusing synchrotron beams",
	journal          = "Journal of Synchrotron Radiation",
	volume           = "19",
	number           = "3",
	keywords         = "X-ray lens,aspherical lens,aberrations,ray-tracing,Cartesian oval",
	issn             = "0909-0495",
	doi              = "10.1107/S0909049512003020",
	howpublished     = "http://dx.doi.org/10.1107/S0909049512003020",
	urllink          = "http://dx.doi.org/10.1107/S0909049512003020"}


@article { Detlefs2012,
	pages            = "359-371",
	author           = "C Detlefs and M {Sanchez del Rio} and C Mazzoli",
	year             = "2012",
	title            = "X-ray polarization : General formalism and polarization analysis",
	journal          = "The European Physical Journal Special Topics",
	publisher        = "Springer-Verlag",
	volume           = "208",
	number           = "1",
	note             = "Eur. Phys. J. Spec. Top.",
	issn             = "1951-6355",
	doi              = "10.1140/epjst/e2012-01630-3",
	howpublished     = "http://dx.doi.org/10.1140/epjst/e2012-01630-3",
	urllink          = "http://dx.doi.org/10.1140/epjst/e2012-01630-3"}


@article { Secco2011,
	author           = "E Secco and M {Sanchez del Rio}",
	year             = "2011",
	title            = "Monte Carlo simulations of scattered power from irradiated optical elements",
	journal          = "Proc. SPIE",
	publisher        = "SPIE",
	volume           = "8141",
	number           = "1",
	doi              = "10.1117/12.892458",
	howpublished     = "http://dx.doi.org/10.1117/12.892458",
	urllink          = "http://dx.doi.org/10.1117/12.892458"}


@article { SanchezdelRio2011c,
	pages            = "708-716",
	author           = "Manuel {Sanchez del Rio} and Niccolo Canestrari and Fan Jiang and Franco Cerrina",
	year             = "2011",
	title            = "SHADOW3 : a new version of the synchrotron X-ray optics modelling package",
	journal          = "Journal of Synchrotron Radiation",
	volume           = "18",
	number           = "5",
	keywords         = "SHADOW,ray-tracing,X-ray optics",
	issn             = "0909-0495",
	doi              = "10.1107/S0909049511026306",
	howpublished     = "http://dx.doi.org/10.1107/S0909049511026306",
	urllink          = "http://dx.doi.org/10.1107/S0909049511026306"}


@article { Gazzola2010,
	pages            = "343-354",
	author           = "J Gazzola and M {Sanchez del Rio} and C Solis and T Calligaro",
	year             = "2010",
	title            = "Particle-Induced X-ray emission (PIXE) analysis of obsidian from Teotihuacan",
	journal          = "Archaeometry",
	volume           = "52",
	number           = "3",
	doi              = "10.1111/j.1475-4754.2009.00483.x",
	howpublished     = "http://onlinelibrary.wiley.com/doi/10.1111/j.1475-4754.2009.00483.x/abstract;jsessionid=08F7CC92BE8DA0F07DEA4B17F7D3B76F.d02t01",
	urllink          = "http://onlinelibrary.wiley.com/doi/10.1111/j.1475-4754.2009.00483.x/abstract;jsessionid=08F7CC92BE8DA0F07DEA4B17F7D3B76F.d02t01"}


@article { SanchezdelRio1999,
	title            = "Collimation of plasma-produced x-rays by spherical crystals : Ray-tracing simulations and experimental results",
	year             = "1999",
	author           = "M {Sanchez del Rio} and M Fraenkel and A Zigler and A Ya Faenov and T A Pikuz",
	journal          = "Review of Scientific Instruments",
	volume           = "70",
	number           = "3",
	pages            = "1614-1620",
	doi              = "10.1063/1.1149641",
	urllink          = "https://doi.org/10.1063/1.1149641",
}

@article { SanchezdelRio1997c,
	title            = {XOP : a multiplatform graphical user interface for synchrotron radiation spectral and optics calculations},
	year             = "1997",
	author           = "M {Sanchez del Rio} and R J Dejus",
	journal          = "Proceedings of the SPIE - The International Society for Optical Engineering",
	volume           = "vol.3152",
	pages            = "148-157",
	doi              = "10.1117/12.295554",
	urllink          = "https://doi.org/10.1117/12.295554",
}

@article { SanchezdelRio1994,
	title            = "Modeling perfect crystals in transmission geometry for synchrotron radiation monochromator design",
	year             = "1994",
	author           = "M {Sanchez del Rio} and C Ferrero and G J Chen and F Cerrina",
	journal          = "Nuclear Instruments and Methods in Physics Research, Section A : Accelerators, Spectrometers, Detectors, and Associated Equipment",
	volume           = "347",
	number           = "1-3",
	pages            = "338-43",
	doi              = "10.1016/0168-9002(94)91905-4",
	urllink          = "https://doi.org/10.1016/0168-9002(94)91905-4",
}

@article { SanchezdelRio1992a,
	pages            = "170-7",
	author           = "M {Sanchez del Rio} and A Marcelli",
	year             = "1992",
	title            = "Waviness effects in ray-tracing of ``real'' optical surfaces",
	journal          = "Nuclear Instruments and Methods in Physics Research, Section A : Accelerators, Spectrometers, Detectors, and Associated Equipment",
	volume           = "A319",
	number           = "1-3",
	doi              = "10.1016/0168-9002(92)90550-N ",
	howpublished     = "http://dx.doi.org/10.1016/0168-9002(92)90550-N ",
	urllink          = "http://dx.doi.org/10.1016/0168-9002(92)90550-N "}


@article { Rio2015,
	title            = "Simulation of X-ray diffraction profiles for bent anisotropic crystals",
	year             = "2015",
	author           = "M {Sanchez del Rio} and N Perez-Bocanegra and X Shi and V Honkimaki and L Zhang",
	journal          = "Journal of Applied Crystallography",
	volume           = "48",
	number           = "2",
	pages            = "477-491",
	doi              = "10.1107/S1600576715002782",
	urllink          = "http://dx.doi.org/10.1107/S1600576715002782",
	issn             = "1600-5767",
	howpublished     = "http://dx.doi.org/10.1107/S1600576715002782"}


@article { SanchezdelRio:ie5155,
	title            = {DABAM : an open-source database of X-ray mirrors metrology},
	year             = "2016",
	author           = "Manuel {Sanchez del Rio} and Davide Bianchi and Daniele Cocco and Mark Glass and Mourad Idir and Jim Metz and Lorenzo Raimondi and Luca Rebuffi and Ruben Reininger and Xianbo Shi and Frank Siewert and Sibylle Spielmann-Jaeggi and Peter Takacs and Muriel Tomasset and Tom Tonnessen and Amparo Vivo and Valeriy Yashchuk",
	journal          = "Journal of Synchrotron Radiation",
	volume           = "23",
	number           = "3",
	pages            = "665-678",
	month            = "May",
	doi              = "10.1107/S1600577516005014",
	urllink          = "http://dx.doi.org/10.1107/S1600577516005014",
	keywords         = "X-ray mirror, metrology, database, Python, statistics",
	howpublished     = "http://dx.doi.org/10.1107/S1600577516005014"}


@article { Rebuffi:ie5170,
	title            = {ShadowOui : a new visual environment for X-ray optics and synchrotron beamline simulations},
	year             = "2016",
	author           = "Luca Rebuffi and Manuel {Sanchez del Rio}",
	journal          = "Journal of Synchrotron Radiation",
	volume           = "23",
	number           = "6",
	pages            = "1357-1367",
	month            = "Nov",
	doi              = "10.1107/S1600577516013837",
	urllink          = "https://doi.org/10.1107/S1600577516013837",
	keywords         = "SHADOW, ShadowOui, ray tracing, X-ray optics",
	howpublished     = "https://doi.org/10.1107/S1600577516013837"}


@article { doi:10.1117/12.2274263,
	title            = {OASYS (OrAnge SYnchrotron Suite) : an open-source graphical environment for x-ray virtual experiments},
	year             = "2017",
	author           = "Luca Rebuffi and Manuel {Sanchez del Rio}",
	journal          = "Proc.SPIE",
	volume           = "10388",
	pages            = "10388-10388",
	doi              = "10.1117/12.2274263",
	urllink          = "http://dx.doi.org/10.1117/12.2274263",
	howpublished     = "http://dx.doi.org/10.1117/12.2274263"}


@article { ref0295-5075-119-3-34004,
	title            = "Coherent modes of X-ray beams emitted by undulators in new storage rings",
	year             = "2017",
	author           = "Mark Glass and Manuel {Sanchez del Rio}",
	journal          = "EPL (Europhysics Letters)",
	volume           = "119",
	number           = "3",
	doi              = "10.1209/0295-5075/119/34004",
	urllink          = "http://stacks.iop.org/0295-5075/119/i=3/a=34004",
	howpublished     = "http://stacks.iop.org/0295-5075/119/i=3/a=34004"}


@article { PhysRevA.99.053839,
	title            = "Aberration-free imaging of inelastic-scattering spectra with x-ray echo spectrometers",
	year             = "2019",
	author           = "Manuel {Sanchez del Rio} and Yuri Shvyd'ko",
	journal          = "Phys. Rev. A",
	volume           = "99",
	number           = "5",
	month            = "May",
	doi              = "10.1103/PhysRevA.99.053839",
	urllink          = "https://link.aps.org/doi/10.1103/PhysRevA.99.053839",
	publisher        = "American Physical Society",
	howpublished     = "https://link.aps.org/doi/10.1103/PhysRevA.99.053839"}


@article { PhysRevA.100.043813,
	title            = "Speckled cross-spectral densities and their associated correlation singularities for a modern source of partially coherent x rays",
	year             = "2019",
	author           = "David M Paganin and Manuel {Sanchez del Rio}",
	journal          = "Phys. Rev. A",
	volume           = "100",
	number           = "4",
	month            = "Oct",
	doi              = "10.1103/PhysRevA.100.043813",
	urllink          = "https://link.aps.org/doi/10.1103/PhysRevA.100.043813",
	publisher        = "American Physical Society",
	howpublished     = "https://link.aps.org/doi/10.1103/PhysRevA.100.043813"}


@article { SanchezdelRio:gy5001,
	title            = "A hierarchical approach for modeling X-ray beamlines : application to a coherent beamline",
	year             = "2019",
	author           = "Manuel {Sanchez del Rio} and Rafael Celestre and Mark Glass and Giovanni Pirro and Juan Reyes Herrera and Ray Barrett and Julio Cesar da Silva and Peter Cloetens and Xianbo Shi and Luca Rebuffi",
	journal          = "Journal of Synchrotron Radiation",
	volume           = "26",
	number           = "6",
	pages            = "1887-1901",
	month            = "Nov",
	doi              = "10.1107/S160057751901213X",
	urllink          = "https://doi.org/10.1107/S160057751901213X",
	keywords         = "beamline, simulations",
	howpublished     = "https://doi.org/10.1107/S160057751901213X"}


@article { SanchezdelRio:yi5097,
	title            = "Compensation of heat load deformations using adaptive optics for the ALS upgrade : a wave optics study",
	year             = "2020",
	author           = "Manuel {Sanchez del Rio} and Antoine Wojdyla and Kenneth A Goldberg and Grant D Cutler and Daniele Cocco and Howard A Padmore",
	journal          = "Journal of Synchrotron Radiation",
	volume           = "27",
	number           = "5",
	pages            = "1141-1152 ",
	doi              = "10.1107/S1600577520009522",
	urllink          = "https://doi.org/10.1107/S1600577520009522",
	keywords         = "X-ray optics, simulations, heat load, adaptive optics, diffraction-limited storage ring, soft X-rays, beamlines, wave optics, WOFRY, OASYS",
	howpublished     = "https://doi.org/10.1107/S1600577520009522"}


