@book { ref25,
	title            = "Advances in Computational Methods for X-Ray Optics II  (Proceedings Volume)",
	year             = "2011",
	author           = "M Sanchez del Rio and O Chubar",
	address          = "Bellingham, WA",
	publisher        = "SPIE",
	volume           = "8141",
	urllink          = "http://spiedigitallibrary.org/proceedings/resource/2/psisdg/8141/1?isAuthorized=no",
	howpublished     = "http://spiedigitallibrary.org/proceedings/resource/2/psisdg/8141/1?isAuthorized=no"}


@book { Cerrina2010,
	author           = "F Cerrina and M Sanchez del Rio",
	year             = "2010",
	title            = "Ray-tracing of X-ray Optical Systems",
	publisher        = "Mc Graw Hill",
	volume           = "V",
	editor           = "M Bass",
	howpublished     = "http://www.mhprofessional.com/handbookofoptics/vol5.php",
	urllink          = "http://www.mhprofessional.com/handbookofoptics/vol5.php"}


@book { ref69,
	title            = "Advances in Computational Methods for X-Ray and Neutron Optics (Proceedings Volume)",
	year             = "2004",
	author           = "M Sanchez del Rio",
	address          = "Bellingham, WA",
	publisher        = "SPIE",
	volume           = "5536",
	urllink          = "http://spiedigitallibrary.org/proceedings/resource/2/psisdg/5536/1?isAuthorized=no",
	howpublished     = "http://spiedigitallibrary.org/proceedings/resource/2/psisdg/5536/1?isAuthorized=no"}


@book { SPIE2014,
	title            = "Advances in Computational Methods for X-Ray Optics III",
	year             = "2014",
	author           = "Manuel Sanchez del Rio and Oleg Chubar",
	editor           = "Manuel Sanchez del Rio and Oleg Chubar",
	publisher        = "SPIE",
	volume           = "9209",
	doi              = "10.1117/12.2084756",
	urllink          = "http://dx.doi.org/10.1117/12.2084756",
	abstract         = " This PDF file contains the front matter associated with SPIE Proceedings Volume 9209 including the Title Page, Copyright information, Table of Contents, Introduction, and Conference Committee listing.",
	pages            = "920901-920901-10",
	howpublished     = "http://dx.doi.org/10.1117/12.2084756"}


