@incollection { SanchezdelRio2011b,
	pages            = "453-481",
	author           = "Manuel Sanchez del Rio and Antonio Domenech and Maria Teresa Domenech-Carbo and Maria Luisa Vazquez de de Pascual and Mercedes Suarez and Emilia Garcia-Romero",
	year             = "2011",
	title            = "Chapter 18 - The Maya Blue Pigment",
	publisher        = "Elsevier",
	volume           = "Volume 3",
	keywords         = "Maya blue,Indigo,Palygorskite,Sepiolite,Hybrid materials,Archaeology",
	booktitle        = "Developments in Clay Science",
	editor           = "A Singer and E Galan",
	issn             = "1572-4352",
	doi              = "10.1016/B978-0-444-53607-5.00018-9",
	howpublished     = "http://www.sciencedirect.com/science/article/pii/B9780444536075000189",
	urllink          = "http://www.sciencedirect.com/science/article/pii/B9780444536075000189"}


@incollection { SanchezdelRio2009,
	pages            = "109-141",
	author           = "M Sanchez del Rio",
	year             = "2009",
	title            = "Synchrotron Data Analysis Using XOP",
	publisher        = "Sociedad Espa&#241;ola de Mineralog&#237;a",
	volume           = "6",
	booktitle        = "Synchrotron Radiation in Mineralogy. Seminarios de la Sociedad Espa&#241;ola de Mineralog&#237;a. ",
	editor           = "M Suarez and E Ayuso and E M Manchado",
	address          = "Salamanca",
	issn             = "1698-5478",
	howpublished     = "http://www.ehu.es/sem/revista/seminarios_m.htm#Vol6",
	urllink          = "http://www.ehu.es/sem/revista/seminarios_m.htm#Vol6"}


@incollection { SanchezdelRio2006b,
	pages            = "11-20",
	author           = "M Sanchez del Rio and C Reyes-Valerio and M Picquart and E Haro-Poniatowski and E Lima and V H Lara and P Castillo and H Vazquez and V H Uc and S Paez and S Menendez Castro and K M Lugo Romera and P Bosch and C Solis",
	year             = "2006",
	title            = "Nuevas investigaciones sobre el azul maya",
	publisher        = "Academia Mexicana de Ciencia de Materiales",
	volume           = "III",
	booktitle        = "La Ciencia de Materiales y su impacto en la Arqueolog&#237;a",
	editor           = "D Mendoza Anaya",
	address          = "Mexico DF"}


@incollection { SanchezdelRio1991,
	pages            = "356-358",
	author           = "M Sanchez del Rio and J Garcia and J Chaboy and R Gonzalez",
	year             = "1991",
	title            = "Theromchemical reduction effects in MgO doped with transition metals studied by EXAFS and XANES",
	publisher        = "Ellis Horwood",
	booktitle        = "X-ray absorption fine structure",
	editor           = "S Samar Hasnain",
	address          = "New York"}


@incollection { Chaboy1991,
	pages            = "62-64",
	author           = "J Chaboy and J Garcia and M Sanchez del Rio and A Marcelli",
	year             = "1991",
	title            = "Does the L3 /L1 comparison work well using the PI approach? : The case of the cubic BaF2 system",
	publisher        = "Ellis Horwood",
	booktitle        = "X-ray absorption fine structure",
	editor           = "S Samar Hasnain",
	address          = "New York"}


